@article{Kahlhoefer:2015bea,
      author         = "Kahlhoefer, Felix and Schmidt-Hoberg, Kai and Schwetz,
                        Thomas and Vogl, Stefan",
      title          = "{Implications of unitarity and gauge invariance for
                        simplified dark matter models}",
      journal        = "JHEP",
      volume         = "02",
      year           = "2016",
      pages          = "016",
      doi            = "10.1007/JHEP02(2016)016",
      eprint         = "1510.02110",
      archivePrefix  = "arXiv",
      primaryClass   = "hep-ph",
      reportNumber   = "DESY-15-182",
      SLACcitation   = "%%CITATION = ARXIV:1510.02110;%%"
}

@article{Ciafaloni:2010ti,
	author         = "Ciafaloni, Paolo and Comelli, Denis and Riotto, Antonio
	and Sala, Filippo and Strumia, Alessandro and Urbano,
	Alfredo",
	title          = "{Weak Corrections are Relevant for Dark Matter Indirect
	Detection}",
	journal        = "JCAP",
	volume         = "1103",
	year           = "2011",
	pages          = "019",
	doi            = "10.1088/1475-7516/2011/03/019",
	eprint         = "1009.0224",
	archivePrefix  = "arXiv",
	primaryClass   = "hep-ph",
	reportNumber   = "IFUP-TH-2010-24, CERN-PH-TH-2010-179",
	SLACcitation   = "%%CITATION = ARXIV:1009.0224;%%"
}
